%Example of references

@INPROCEEDINGS{  magnor99,
    AUTHOR = "M. Magnor and B. Girod",
    TITLE = "Fully embedded coding of triangle meshes",
    BOOKTITLE = "Proceedings of Vision, Modeling, and Visualization (VMV'99)",
    YEAR = "1999",
    URL = "citeseer.nj.nec.com/magnor99fully.html" }


@BOOK{ mantyla88,
        AUTHOR = "Martti M{\"{a}}ntyl{\"{a}}",
        TITLE = "An Introduction to Solid Modeling",
        PUBLISHER = "Computer Science Press",
        YEAR = "1988" }


@ARTICLE{ meagher82,
  AUTHOR =       "D. Meagher",
  TITLE =        "Geometric modeling using octree encoding",
  JOURNAL =      "Computer Graphics and Image Processing",
  YEAR =         "1982",
  VOLUME =       "19",
  NUMBER =       "2",
  PAGES =        "129--147" }
